@article{xenakis1981musiques,
  title={Musiques Formelles Nouveaux Principes Formels de Composition Musicale},
  author={Xenakis, Iannis},
  year={1981}
}
@book{roads2004microsound,
  title={Microsound},
  author={Roads, Curtis},
  year={2004},
  publisher={MIT press}
}
@article{truax1988real,
  title={Real-time granular synthesis with a digital signal processor},
  author={Truax, Barry},
  journal={Computer Music Journal},
  volume={12},
  number={2},
  pages={14--26},
  year={1988},
  publisher={JSTOR}
}
@misc{roads1991asynchronous,
  title={Asynchronous granular synthesis, Representations of musical signals},
  author={Roads, Curtis},
  year={1991},
  publisher={MIT Press, Cambridge, MA}
}
@book{wolfram2002new,
  title={A new kind of science},
  author={Wolfram, Stephen},
  volume={5},
  year={2002},
  publisher={Wolfram media Champaign, IL}
}
@article{miranda1995granular,
  title={Granular synthesis of sounds by means of a cellular automaton},
  author={Miranda, Eduardo Reck},
  journal={Leonardo},
  volume={28},
  number={4},
  pages={297--300},
  year={1995},
  publisher={The MIT Press}
}
@article{highfield1996frontiers,
  title={Frontiers of complexity: the search for order in a chaotic world},
  author={Highfield, Roger},
  year={1996},
  publisher={Ballantine Books}
}
@article{gardner1971mathematical,
  title={Mathematical games: on cellular automata, self-reproduction, the Garden of Eden and the game" life"},
  author={Gardner, Martin},
  journal={Sci. Am.},
  volume={224},
  pages={112--117},
  year={1971}
}
@book{shiffman2012nature,
  title={The Nature of Code: Simulating Natural Systems with Processing},
  author={Shiffman, Daniel},
  year={2012},
  publisher={Daniel Shiffman}
}
